@article{wiki,
       author={http://en.wikipedia.org},
       title={Long Multiplication Algorithm},
     }

@article{biblo,
       author = {http://www.latex-community.org},
       title = {Biblography Information Bibtex},
 
     }

@article{fig,
       author={http://xfig.org/},
       title={User Manual for xfig},
     }


